<record><leader>00000cas a22000007a 4500</leader><controlfield tag="001">20777246</controlfield><controlfield tag="008">891213d19621969pr mr ne      0    0spa d</controlfield><datafield ind1=" " ind2=" " tag="010"><subfield code="a">sn 89078413 </subfield></datafield><datafield ind1=" " ind2=" " tag="040"><subfield code="a">PNN</subfield><subfield code="b">eng</subfield><subfield code="c">PNN</subfield><subfield code="d">OCLCQ</subfield></datafield><datafield ind1=" " ind2=" " tag="042"><subfield code="a">msc</subfield></datafield><datafield ind1="0" ind2="0" tag="245"><subfield code="a">Ecos del distrito.</subfield></datafield><datafield ind1=" " ind2=" " tag="260"><subfield code="a">Manati&#769;, P.R. :</subfield><subfield code="b">Ecos del Distrito</subfield></datafield><datafield ind1=" " ind2=" " tag="300"><subfield code="a">v.</subfield></datafield><datafield ind1=" " ind2=" " tag="310"><subfield code="a">Monthly,</subfield><subfield code="b">&lt;Sept. 15, 1963&gt;-</subfield></datafield><datafield ind1=" " ind2=" " tag="321"><subfield code="a">Biweekly,</subfield><subfield code="b">&lt;May 31, 1962&gt;-Aug. 30/Sept. 15, 1963</subfield></datafield><datafield ind1="1" ind2=" " tag="362"><subfield code="a">Began in 1962; ceased in 1969?</subfield></datafield><datafield ind1=" " ind2=" " tag="500"><subfield code="a">"Vocero informativo quincenal al servicio de la cultura y el comercio."</subfield></datafield><datafield ind1=" " ind2=" " tag="588"><subfield code="a">Description based on: An&#771;o 1, no. 17 (Mayo 31-Jun. 15, 1962).</subfield></datafield><datafield ind1=" " ind2=" " tag="752"><subfield code="a">United States</subfield><subfield code="b">Puerto Rico</subfield><subfield code="d">Manati&#769;.</subfield></datafield><datafield ind1="0" ind2="0" tag="785"><subfield code="t">Ecos</subfield><subfield code="w">(DLC)sn 89078414</subfield></datafield></record>